%S'ha de modificar 
@book{Tah,
	author    = {Hamdy A. TAHA}, 
	title     = {Investigación de operaciones,7a edición},
	publisher = {Pearson educación},
     month  = {2004},
	address   = {University of Arkansas, Fayetteville},
	year     = {ISBN: 970-26-0498-2},
note = {{\color{gray}  \footnotesize En el capítol 1 pàgines 1-10 és defineixen la majoria de conceptes tècnics de modelització que fem servir.}},
}
@misc{webdep,
	note = { {\color{gray}  \footnotesize Pàgina web del Departament de Matemàtiques de l'Universitat Autònoma de Barcelona}},	
	author = {Diversos autors},
	title = {> El Departament},
	year= {Abril de 2019},
	howpublished =  "\url{https://www.uab.cat/web/departament-de-matematiques/-1194422425366.html}",
}
