%S'ha de modificar 
@book{Tah,
	author    = {Hamdy A. TAHA}, 
	title     = {Investigación de operaciones,7a edición},
	publisher = {Pearson educación},
     month  = {2004},
	address   = {University of Arkansas, Fayetteville},
	year     = {ISBN: 970-26-0498-2},
note = {{\color{gray}  \footnotesize En el capítol 1 pàgines 1-10 és defineixen la majoria de conceptes tècnics de modelització que fem servir.}},
}
@book{GA,
	author    = {Gestal, Marcos}, 
	title     = {Algorismes genètics},
	publisher = {Universidade da Coruña. Servizo de Publicacións},
     month  = {2010},
address   = {},
	year     = {ISBN: 9788497494229},
note = {},
}
@book{CA,
	author    = {Peter Cramton, Yoav Shoham, Richard Steinberg}, 
	title     = {Combinatorial Auctions},
	publisher = {MIT Press},
     month  = {2006},
address   = {},
	year     = {ISBN: 0-262-03342-9},
note = {},
}
@misc{webdep,
	note = { {\color{gray}  \footnotesize Pàgina web del Departament de Matemàtiques de l'Universitat Autònoma de Barcelona}},	
	author = {Diversos autors},
	title = {> El Departament},
	year= {Abril de 2019},
	howpublished =  "\url{https://www.uab.cat/web/departament-de-matematiques/-1194422425366.html}",
}
